@article{lu2018survey,
  title={A survey on vision-based UAV navigation},
  author={Lu, Yuncheng and Xue, Zhucun and Xia, Gui-Song and Zhang, Liangpei},
  journal={Geo-spatial information science},
  volume={21},
  number={1},
  pages={21--32},
  year={2018},
  publisher={Taylor \& Francis}
}

@incollection{mishra2019introduction,
  title={Introduction to Neural Networks Using PyTorch},
  author={Mishra, Pradeepta},
  booktitle={PyTorch Recipes},
  pages={111--126},
  year={2019},
  publisher={Springer}
}

@book{shanmugamani2018deep,
  title={Deep Learning for Computer Vision: Expert techniques to train advanced neural networks using TensorFlow and Keras},
  author={Shanmugamani, Rajalingappaa},
  year={2018},
  publisher={Packt Publishing Ltd}
}